@article{claerbout1991scrutiny,
  title={A Scrutiny of the Introduction},
  author={Claerbout, Jon F},
  journal={The Leading Edge},
  volume={10},
  number={1},
  pages={39--41},
  year={1991},
  publisher={Society of Exploration Geophysicists}
}

@article{landes1951scrutiny,
  title={A Scrutiny of the Abstract},
  author={Landes, Kenneth K},
  journal={Bulletin of the American Association of Petroleum Geologists},
  volume={35},
  number={7},
  pages={1660},
  year={1951}
}

@article{EraOfBigSpatialdata,
  author={A. {Eldawy} and M. F. {Mokbel}},
  title={The Era of Big Spatial Data: A Survey},
  year={2016},
  volume={},
  number={},
  pages={},
  doi={10.1561/1900000054}
}
  
@article{R+Tree,
    author={Sellis, T. and Roussopoulos, N. and Faloutsos, Christos},
    title={The R+-Tree: A Dynamic Index for Multi-Dimensional Objects},
    year={1987},
}

@article{r-tree, 
    author = {Guttman, Antonin}, 
    title = {R-Trees: A Dynamic Index Structure for Spatial Searching}, 
    year = {1984}, 
    issue_date = {June 1984}, 
    publisher = {Association for Computing Machinery}, address = {New York, NY, USA}, 
    volume = {14}, number = {2}, 
    issn = {0163-5808}, 
    url = {https://doi.org/10.1145/971697.602266}, 
}

@article{ComparisonOfAdvancedTree,
    author= {Parth Patel and Deepak Garg},
    title = {Comparison of Advanced Tree Data Structures},
    journal = {CoRR},
    volume = {abs/1209.6495},
    year = {2012},
    url = {http://arxiv.org/abs/1209.6495},
}

@article{R*-tree, 
    author = {Beckmann, Norbert and Kriegel, Hans-Peter and Schneider, Ralf and Seeger, Bernhard}, 
    title = {The R*-Tree: An Efficient and Robust Access Method for Points and Rectangles}, 
    year = {1990}, 
    issue_date = {Jun. 1990}, 
    publisher = {Association for Computing Machinery}, address = {New York, NY, USA}, volume = {19}, 
    number = {2}, 
    issn = {0163-5808}, 
    url = {https://doi.org/10.1145/93605.98741}
}

@article{HilbertRTree, 
    author = {Kamel, Ibrahim and Faloutsos, Christos}, 
    title = {Hilbert R-Tree: An Improved R-Tree Using Fractals}, 
    year = {1993}, 
    url = {http://hdl.handle.net/1903/5366}
}

@book{RTreesTheoryApplications,
    author = {Manolopoulos, Yannis and Nanopoulos, Alexandros and  Papadopoulos, Apostolos N. and Theodoridis, Yannis},
    title = {R-Trees: Theory and Applications}, 
    year = {2006},
    issn = {1610-3947},
    publisher = {Springer, London}
}

@article{LSMSDD,
  author={R. {Thonangi} and J. {Yang}},
  title={On Log-Structured Merge for Solid-State Drives}, 
  year={2017}
}

@article{LSMTree,
    author = {O'Neil, Patrick and Cheng, Edward and Gawlick Dieter and O'Neil Elizabeth},
    title = {The log-structured merge-tree (LSM-tree)},
    year = {1996},
    url = {https://doi.org/10.1007/s002360050048}
}

@article{LSMSurvey,
    author = {Luo, Chen and Carey, Michael J.},
    title = {LSM-based storage techniques: a survey.},
    year = {2019},
    url = {https://doi.org/10.1007/s00778-019-00555-y}
}

@online{Cassandra,
    author = "The Apache Software Foundation",
    title = "Apache Cassandra",
    url  = "https://cassandra.apache.org",
    addendum = "(accessed: 03.03.2021)",
}

@article{Bigtable,
    author = {Chang, Fay et al},
    title = {Bigtable: A Distributed Storage System for Structured Data},
    year = {2008},
    url = {https://doi.org/10.1145/1365815.1365816}
}




